@article{IhakaGentleman1996,
  author = {Ross Ihaka and Robert Gentleman},
  title = {{R}: A Language for Data Analysis and Graphics},
  journal = {Journal of Computational and Graphical Statistics},
  year = 1996,
  volume = 5,
  number = 3,
  pages = {299--314},
  url = {http://www.amstat.org/publications/jcgs/}
}

@Manual{R2012,
    title = {{R}: A Language and Environment for Statistical Computing},
    author = {{R Core Team}},
    organization = {R Foundation for Statistical Computing},
    address = {Vienna, Austria},
    year = {2012},
    note = {{ISBN} 3-900051-07-0},
    url = {http://www.R-project.org/},
}

